date,total_visits,totalRevenue
2016 Q4,1100433120.0,316000000.00
2017 Q1,1270160939.0,372000000.00
2017 Q2,1387965212.0,424000000.00
2017 Q3,1754453694.0,439000000.00
2017 Q4,1193994680.0,321000000.00
2018 Q1,1361002641.0,378000000.00
2018 Q2,1556437475.0,433000000.00
2018 Q3,1934004753.0,458000000.00
2018 Q4,1222449013.0,346000000.00
2019 Q1,1272357144.0,376000000.00
2019 Q2,1369344808.0,422000000.00
